<?xml version="1.0" encoding="UTF-8"?><record xmlns="http://www.loc.gov/MARC21/slim" xmlns:cinclude="http://apache.org/cocoon/include/1.0" xmlns:zs="http://www.loc.gov/zing/srw/">
  <leader>00674cz  a2200217n  4500</leader>
  <controlfield tag="001">n  84740737 </controlfield>
  <controlfield tag="003">DLC</controlfield>
  <controlfield tag="005">19910225093245.2</controlfield>
  <controlfield tag="008">850612n| acabaaaa|          |a ana |||  </controlfield>
  <datafield tag="010" ind1=" " ind2=" ">
    <subfield code="a">n  84740737 </subfield>
    <subfield code="z">n  84748193 </subfield>
  </datafield>
  <datafield tag="040" ind1=" " ind2=" ">
    <subfield code="a">DLC</subfield>
    <subfield code="c">DLC</subfield>
    <subfield code="d">DLC</subfield>
  </datafield>
  <datafield tag="050" ind1=" " ind2=" ">
    <subfield code="a">P40</subfield>
    <subfield code="b">.I58 1984</subfield>
  </datafield>
  <datafield tag="100" ind1="1" ind2="0">
    <subfield code="a">Fasold, Ralph W.</subfield>
    <subfield code="t">Introduction to sociolinguistics</subfield>
  </datafield>
  <datafield tag="430" ind1=" " ind2="0">
    <subfield code="w">nne</subfield>
    <subfield code="a">Introduction to sociolinguistics</subfield>
  </datafield>
  <datafield tag="642" ind1=" " ind2=" ">
    <subfield code="a">v. 1</subfield>
    <subfield code="5">DLC</subfield>
  </datafield>
  <datafield tag="643" ind1=" " ind2=" ">
    <subfield code="a">Cambridge, MA, USA</subfield>
    <subfield code="b">B. Blackwell</subfield>
    <subfield code="d">v. 2</subfield>
  </datafield>
  <datafield tag="643" ind1=" " ind2=" ">
    <subfield code="a">Oxford, England</subfield>
    <subfield code="a">New York, NY, USA</subfield>
    <subfield code="b">B. Blackwell</subfield>
    <subfield code="d">v. 1</subfield>
  </datafield>
  <datafield tag="644" ind1=" " ind2=" ">
    <subfield code="a">f</subfield>
    <subfield code="5">DLC</subfield>
  </datafield>
  <datafield tag="645" ind1=" " ind2=" ">
    <subfield code="a">t</subfield>
    <subfield code="5">DLC</subfield>
  </datafield>
  <datafield tag="646" ind1=" " ind2=" ">
    <subfield code="a">c</subfield>
    <subfield code="5">DLC</subfield>
  </datafield>
  <datafield tag="670" ind1=" " ind2=" ">
    <subfield code="a">Fasold, R.W. The sociolinguistics of society, 1984:</subfield>
    <subfield code="b">ser. t.p.</subfield>
  </datafield>
</record>